%%%%%%%%%%%%%%%%%%%%%%% Comments %%%%%%%%%%%%%%%%%%%%%%%%
%% BibTeX can accept names in "forename surname" or "surname, forename".
%% to tell BibTeX when a reference has more than one author by putting the keyword "and" in between every author.
%%%%%%%%%%%%%%%%%%%%%%% Bibliography %%%%%%%%%%%%%%%%%%%%%%%
@article{galceran2013survey,
  title={A survey on coverage path planning for robotics},
  author={Galceran, Enric and Carreras, Marc},
  journal={Robotics and Autonomous Systems},
  volume={61},
  number={12},
  pages={1258--1276},
  year={2013},
  publisher={Elsevier}
}
@article{choset2001coverage,
  title={Coverage for robotics--A survey of recent results},
  author={Choset, Howie},
  journal={Annals of mathematics and artificial intelligence},
  volume={31},
  number={1-4},
  pages={113--126},
  year={2001},
  publisher={Springer}
}
@inproceedings{ahmadzadeh2008optimization,
  title={An optimization-based approach to time-critical cooperative surveillance and coverage with UAVs},
  author={Ahmadzadeh, Ali and Keller, James and Pappas, George and Jadbabaie, Ali and Kumar, Vijay},
  booktitle={Experimental Robotics},
  pages={491--500},
  year={2008},
  organization={Springer}
}
@article{di2016coverage,
  title={Coverage Path Planning for UAVs Photogrammetry with Energy and Resolution Constraints},
  author={Di Franco, Carmelo and Buttazzo, Giorgio},
  journal={Journal of Intelligent \& Robotic Systems},
  pages={1--18},
  year={2016},
  publisher={Springer}
}
@article{acar2003path,
  title={Path planning for robotic demining: Robust sensor-based coverage of unstructured environments and probabilistic methods},
  author={Acar, Ercan U and Choset, Howie and Zhang, Yangang and Schervish, Mark},
  journal={The International journal of robotics research},
  volume={22},
  number={7-8},
  pages={441--466},
  year={2003},
  publisher={SAGE Publications}
}
@article{galceran2015coverage,
  title={Coverage Path Planning with Real-time Replanning and Surface Reconstruction for Inspection of Three-dimensional Underwater Structures using Autonomous Underwater Vehicles},
  author={Galceran, Enric and Campos, Ricard and Palomeras, Narc{\'\i}s and Ribas, David and Carreras, Marc and Ridao, Pere},
  journal={Journal of Field Robotics},
  volume={32},
  number={7},
  pages={952--983},
  year={2015},
  publisher={Wiley Online Library}
}
@inproceedings{lin2009uav,
  title={UAV intelligent path planning for wilderness search and rescue},
  author={Lin, Lanny and Goodrich, Michael A},
  booktitle={2009 IEEE/RSJ International Conference on Intelligent Robots and Systems},
  pages={709--714},
  year={2009},
  organization={IEEE}
}
@inproceedings{hess2014probabilistic,
  title={A probabilistic approach to high-confidence cleaning guarantees for low-cost cleaning robots},
  author={Hess, J{\"u}rgen and Beinhofer, Maximilian and Burgard, Wolfram},
  booktitle={2014 IEEE International Conference on Robotics and Automation (ICRA)},
  pages={5600--5605},
  year={2014},
  organization={IEEE}
}
@article{hameed2013optimized,
  title={An optimized field coverage planning approach for navigation of agricultural robots in fields involving obstacle areas},
  author={Hameed, Ibahim and Bochtis, Dionysis and S{\o}rensen, Claus Aage Gr{\o}n},
  journal={International Journal of Advanced Robotic Systems},
  volume={10},
  number={231},
  pages={1--9},
  year={2013}
}
@inproceedings{sadat2014recursive,
  title={Recursive non-uniform coverage of unknown terrains for uavs},
  author={Sadat, Seyed Abbas and Wawerla, Jens and Vaughan, Richard T},
  booktitle={2014 IEEE/RSJ International Conference on Intelligent Robots and Systems},
  pages={1742--1747},
  year={2014},
  organization={IEEE}
}
@article{carpin2013variable,
  title={Variable resolution search with quadrotors: Theory and practice},
  author={Carpin, Stefano and Burch, Derek and Basilico, Nicola and Chung, Timothy H and K{\"o}lsch, Mathias},
  journal={Journal of Field Robotics},
  volume={30},
  number={5},
  pages={685--701},
  year={2013},
  publisher={Wiley Online Library}
}
@inproceedings{galceran2013planning,
  title={Planning coverage paths on bathymetric maps for in-detail inspection of the ocean floor},
  author={Galceran, Enric and Carreras, Marc},
  booktitle={Robotics and Automation (ICRA), 2013 IEEE International Conference on},
  pages={4159--4164},
  year={2013},
  organization={IEEE}
}
@article{schwager2011eyes,
  title={Eyes in the sky: Decentralized control for the deployment of robotic camera networks},
  author={Schwager, Mac and Julian, Brian J and Angermann, Michael and Rus, Daniela},
  journal={Proceedings of the IEEE},
  volume={99},
  number={9},
  pages={1541--1561},
  year={2011},
  publisher={IEEE}
}
@inproceedings{huang2001optimal,
  title={Optimal line-sweep-based decompositions for coverage algorithms},
  author={Huang, Wesley H},
  booktitle={Robotics and Automation, 2001. Proceedings 2001 ICRA. IEEE International Conference on},
  volume={1},
  pages={27--32},
  year={2001},
  organization={IEEE}
}
@inproceedings{frew2004vision,
  title={Vision-based road-following using a small autonomous aircraft},
  author={Frew, Eric and McGee, Tim and Kim, ZuWhan and Xiao, Xiao and Jackson, Stephen and Morimoto, Michael and Rathinam, Sivakumar and Padial, Jose and Sengupta, Raja},
  booktitle={Aerospace Conference, 2004. Proceedings. 2004 IEEE},
  volume={5},
  pages={3006--3015},
  year={2004},
  organization={IEEE}
}
@article{bochkarevminimizing,
  title={On Minimizing Turns in Robot Coverage Path Planning},
  author={Bochkarev, Stanislav and Smith, Stephen L}
}
@phdthesis{yu2015optimization,
  title={Optimization Approaches for a Dubins Vehicle in Coverage Planning Problem and Traveling Salesman Problems},
  author={Yu, Xin},
  year={2015},
  school={Auburn University}
}
@article{sugar2011finding,
  title={Finding the number of clusters in a dataset},
  author={Sugar, Catherine A and James, Gareth M},
  journal={Journal of the American Statistical Association},
  year={2011},
  publisher={Taylor \& Francis}
}
@article{ward1963hierarchical,
  title={Hierarchical grouping to optimize an objective function},
  author={Ward Jr, Joe H},
  journal={Journal of the American statistical association},
  volume={58},
  number={301},
  pages={236--244},
  year={1963},
  publisher={Taylor \& Francis}
}
@article{helsgaun2015solving,
  title={Solving the equality generalized traveling salesman problem using the Lin--Kernighan--Helsgaun Algorithm},
  author={Helsgaun, Keld},
  journal={Mathematical Programming Computation},
  volume={7},
  number={3},
  pages={269--287},
  year={2015},
  publisher={Springer}
}
@article{helsgaun2011solving,
  title={Solving the Clustered Traveling Salesman Problem Using the Lin-Kernighan-Helsgaun Algorithm},
  author={Helsgaun, Keld},
  journal={Computer Science Research Report},
  number={142},
  pages={1--16},
  year={2011}
}
@article{noon1993efficient,
  title={An efficient transformation of the generalized traveling salesman problem},
  author={Noon, Charles E and Bean, James C},
  journal={INFOR: Information Systems and Operational Research},
  volume={31},
  number={1},
  pages={39--44},
  year={1993},
  publisher={Taylor \& Francis}
}
@article{irani1993multi,
  title={Multi-interval discretization of continuous-valued attributes for classification learning},
  author={Irani, Keki B},
  year={1993}
}
@inproceedings{eynard2010uav,
  title={UAV altitude estimation by mixed stereoscopic vision},
  author={Eynard, Damien and Vasseur, Pascal and Demonceaux, C{\'e}dric and Fr{\'e}mont, Vincent},
  booktitle={Intelligent Robots and Systems (IROS), 2010 IEEE/RSJ International Conference on},
  pages={646--651},
  year={2010},
  organization={IEEE}
}
@inproceedings{cherian2009autonomous,
  title={Autonomous altitude estimation of a UAV using a single onboard camera},
  author={Cherian, Anoop and Andersh, Jon and Morellas, Vassilios and Papanikolopoulos, Nikolaos and Mettler, Bernard},
  booktitle={2009 IEEE/RSJ International Conference on Intelligent Robots and Systems},
  pages={3900--3905},
  year={2009},
  organization={IEEE}
}
@misc{imperx:aerial,
   author = "Imperx",
   title = "Aerial Cameras - Aerial Mapping Cameras For A Variety Of Industries",
   year = "2014",
   url = "http://www.imperx.com/aerial-cameras/",
   note = "[Online; accessed 11-October-2016]"
 }
 @misc{aviationstackex:highaltbettereff,
   author = "Kampf, Peter",
   title = "Why do jet engines get better fuel efficiency at high altitudes?",
   year = "2014",
   url = "http://aviation.stackexchange.com/a/4983/",
   note = "[Online; accessed 11-October-2016]"
 }